<record><leader>00000cas a22000007a 4500</leader><controlfield tag="001">11748541</controlfield><controlfield tag="008">850228d18751906wiuwr ne      0    0ger d</controlfield><datafield ind1=" " ind2=" " tag="010"><subfield code="a">sn 85033198 </subfield></datafield><datafield ind1=" " ind2=" " tag="040"><subfield code="a">NPU</subfield><subfield code="b">eng</subfield><subfield code="c">NPU</subfield><subfield code="d">NPX</subfield><subfield code="d">NPV</subfield><subfield code="d">OCLCQ</subfield><subfield code="d">UKMGB</subfield></datafield><datafield ind1="7" ind2=" " tag="016"><subfield code="a">013939536</subfield><subfield code="2">Uk</subfield></datafield><datafield ind1=" " ind2=" " tag="042"><subfield code="a">msc</subfield></datafield><datafield ind1="0" ind2=" " tag="130"><subfield code="a">Seebote (Milwaukee, Wis. : 1875 : Weekly)</subfield></datafield><datafield ind1="1" ind2="4" tag="245"><subfield code="a">Der Seebote.</subfield></datafield><datafield ind1="3" ind2="0" tag="246"><subfield code="a">Am Hauslichen Herd</subfield></datafield><datafield ind1=" " ind2=" " tag="260"><subfield code="a">Milwaukee, Wis. :</subfield><subfield code="b">P.V. Deuster,</subfield><subfield code="c">1875-1906.</subfield></datafield><datafield ind1=" " ind2=" " tag="300"><subfield code="a">v.</subfield></datafield><datafield ind1=" " ind2=" " tag="310"><subfield code="a">Weekly</subfield></datafield><datafield ind1=" " ind2=" " tag="321"><subfield code="a">Semiweekly,</subfield><subfield code="b">1890-1906</subfield></datafield><datafield ind1=" " ind2=" " tag="321"><subfield code="a">Weekly,</subfield><subfield code="b">1875-1890</subfield></datafield><datafield ind1="0" ind2=" " tag="362"><subfield code="a">Fu&#776;nfundzwanzigster Jahrg., no. 2 (13. Dez. 1875)-Vierundfu&#776;nfzigster Jahrg., no. 38 (14. Nov. 1906).</subfield></datafield><datafield ind1=" " ind2=" " tag="500"><subfield code="a">Literary supplement: Am Hauslichen Herd.</subfield></datafield><datafield ind1=" " ind2=" " tag="580"><subfield code="a">Issued also in a Sunday edition called: Sonntagsbote.</subfield></datafield><datafield ind1=" " ind2=" " tag="580"><subfield code="a">Issued also in a daily edition called: Seebote (Milwaukee, Wis. : 1876 : Daily).</subfield></datafield><datafield ind1=" " ind2=" " tag="752"><subfield code="a">United States</subfield><subfield code="b">Wisconsin</subfield><subfield code="c">Milwaukee</subfield><subfield code="d">Milwaukee.</subfield></datafield><datafield ind1=" " ind2=" " tag="752"><subfield code="a">United States</subfield><subfield code="b">Wisconsin</subfield><subfield code="c">Washington</subfield><subfield code="d">Milwaukee.</subfield></datafield><datafield ind1="1" ind2=" " tag="775"><subfield code="t">Sonntagsbote</subfield><subfield code="w">(DLC)sn 87082455</subfield></datafield><datafield ind1="1" ind2=" " tag="775"><subfield code="t">Seebote (Milwaukee, Wis. : 1876 : Daily)</subfield><subfield code="w">(DLC)sn 87082648</subfield></datafield><datafield ind1="0" ind2="0" tag="780"><subfield code="t">Milwaukeer See=Bote</subfield><subfield code="w">(DLC)sn 87082460</subfield></datafield><datafield ind1="0" ind2="0" tag="785"><subfield code="t">Seebote und Sonntagsbote</subfield><subfield code="w">(DLC)sn 87082461</subfield></datafield></record>